%% $Id: biblio.bib 611 2015-08-22 02:20:30Z mkoeppe $

%%%%%%%%%%%%%%%%%%%%%%%%%%%%%%%%%
% New for thesis

@article{gram1871,
	title = {Om rumvinklerne i et polyeder},
	author = {J. P. Gram.},
	journal = {Tidsskrift for Math},
	year= {1871},
	volume = {3(4)},
	pages = {161-163}
}

@article{brianchon1837,
  title={Th{\'e}or{\`e}me nouveau sur les poly{\`e}dres},
  author={Brianchon, C.J.},
  journal={{\'E}cole Polytechnique},
  volume={15},
  pages={317-319},
  year={1837}
}

%%%%%%%%%%%%%%%%%%%%%%%%%%%%%%%%%%
@article {MR0326574,
    AUTHOR = {McMullen, P.},
     TITLE = {Representations of polytopes and polyhedral sets},
   JOURNAL = {Geometriae Dedicata},
  FJOURNAL = {Geometriae Dedicata},
    VOLUME = {2},
      YEAR = {1973},
     PAGES = {83--99},
      ISSN = {0046-5755},
   MRCLASS = {52A25},
  MRNUMBER = {0326574 (48 \#4917)},
MRREVIEWER = {G. C. Shephard},
}

@inproceedings {agnarsson,
    AUTHOR = {Agnarsson, Geir},
     TITLE = {On the {S}ylvester denumerants for general restricted
              partitions},
 BOOKTITLE = {Proceedings of the {T}hirty-third {S}outheastern
              {I}nternational {C}onference on {C}ombinatorics, {G}raph
              {T}heory and {C}omputing ({B}oca {R}aton, {FL}, 2002)},
   JOURNAL = {Congr. Numer.},
  FJOURNAL = {Congressus Numerantium. A Conference Journal on Numerical
              Themes},
    VOLUME = {154},
      YEAR = {2002},
     PAGES = {49--60},
      ISSN = {0384-9864},
   MRCLASS = {05A17 (05A16)},
  MRNUMBER = {1980028 (2004e:05023)},
}


@article {aardallenstra,
    AUTHOR = {Aardal, Karen and Lenstra, Arjen K.},
     TITLE = {Hard equality constrained integer knapsacks},
   JOURNAL = {Math. Oper. Res.},
  FJOURNAL = {Mathematics of Operations Research},
    VOLUME = {29},
      YEAR = {2004},
    NUMBER = {3},
     PAGES = {724--738},
      ISSN = {0364-765X},
   MRCLASS = {90C10 (11Y50)},
  MRNUMBER = {2082626 (2005g:90085)},
       DOI = {10.1287/moor.1040.0099},
       URL = {http://dx.doi.org/10.1287/moor.1040.0099},
}

@article{hemmeckeetal,
AUTHOR={Hemmecke, R. and  Takemura, A.  and Yoshida, R.},
TITLE= { Computing holes in semi-groups and its application to transportation problems},
JOURNAL={Contributions to Discrete Mathematics}, 
VOLUME={4},
YEAR= {2009}, 
PAGES={81--91}
}


@misc{latteintegrale,
        Author = {Baldoni, V. and  Berline, N. and De Loera, J. and
                  Dutra, B. and K{\"o}ppe, M. and Moreinis, S. and
                  Pinto, G. and Vergne, M. and Wu, J.},
        Howpublished = {Available from URL {\url{http://www.math.ucdavis.edu/~latte/}}},
        Title = {A User's Guide for {LattE} integrale v1.7.2},
        Year = 2014}

@Unpublished{guocexin,
  author = 	 {Xin, Guoce},
  title = 	 {A {Euclid} style algorithm for {MacMahon} partition analysis},
  note = 	 {e-print http://arxiv.org/abs/1208.6074},
  year = 2012}

@article{GuoceXin2004,
  author    = {Guoce Xin},
  title     = {A Fast Algorithm for {MacMahon}'s Partition Analysis},
  journal   = {Electr. J. Comb.},
  volume    = {11},
  number    = {1},
  year      = {2004},
  ee        = {http://www.combinatorics.org/Volume_11/Abstracts/v11i1r58.html}
}




@book {comtetbook,
    AUTHOR = {Comtet, Louis},
     TITLE = {Advanced combinatorics},
   EDITION = {enlarged},
      NOTE = {The art of finite and infinite expansions},
 PUBLISHER = {D. Reidel Publishing Co.},
   ADDRESS = {Dordrecht},
      YEAR = {1974},
     PAGES = {xi+343},
      ISBN = {90-277-0441-4},
   MRCLASS = {05-02},
  MRNUMBER = {0460128 (57 \#124)},
}

@article {barvinokwood,
    AUTHOR = {Barvinok, Alexander and Woods, Kevin},
     TITLE = {Short rational generating functions for lattice point
              problems},
   JOURNAL = {J. Amer. Math. Soc.},
  FJOURNAL = {Journal of the American Mathematical Society},
    VOLUME = {16},
      YEAR = {2003},
    NUMBER = {4},
     PAGES = {957--979 (electronic)},
      ISSN = {0894-0347},
   MRCLASS = {05A15 (11P21 13P10 52B55 68W30)},
  MRNUMBER = {1992831 (2004e:05009)},
MRREVIEWER = {Matthias Beck},
       DOI = {10.1090/S0894-0347-03-00428-4},
       URL = {http://dx.doi.org/10.1090/S0894-0347-03-00428-4},
}

@article {beckgesselkomatsu,
    AUTHOR = {Beck, Matthias and Gessel, Ira M. and Komatsu, Takao},
     TITLE = {The polynomial part of a restricted partition function related
              to the {F}robenius problem},
   JOURNAL = {Electron. J. Combin.},
  FJOURNAL = {Electronic Journal of Combinatorics},
    VOLUME = {8},
      YEAR = {2001},
    NUMBER = {1},
     PAGES = {Note 7, 5 pp. (electronic)},
      ISSN = {1077-8926},
   MRCLASS = {05A17 (11P82)},
  MRNUMBER = {1855876 (2002f:05017)},
MRREVIEWER = {Jiang Zeng},
       URL = {http://www.combinatorics.org/Volume_8/Abstracts/v8i1n7.html},
}

@article {lisonek,
    AUTHOR = {Lison{\v{e}}k, P.},
     TITLE = {Denumerants and their approximations},
   JOURNAL = {J. Combin. Math. Combin. Comput.},
  FJOURNAL = {Journal of Combinatorial Mathematics and Combinatorial
              Computing},
    VOLUME = {18},
      YEAR = {1995},
     PAGES = {225--232},
      ISSN = {0835-3026},
   MRCLASS = {05A15},
  MRNUMBER = {1334651 (96a:05009)},
}

@article {wagonetal,
    AUTHOR = {Einstein, David and Lichtblau, Daniel and Strzebonski, Adam
              and Wagon, Stan},
     TITLE = {Frobenius numbers by lattice point enumeration},
   JOURNAL = {Integers},
  FJOURNAL = {Integers. Electronic Journal of Combinatorial Number Theory},
    VOLUME = {7},
      YEAR = {2007},
     PAGES = {A15, 63},
      ISSN = {1867-0652},
   MRCLASS = {11D04 (05A15 11D79 11D85 11Z05)},
  MRNUMBER = {2299816 (2008a:11031)},
MRREVIEWER = {Sudhangshu B. Karmakar},
}


@article {bellET,
    AUTHOR = {Bell, E. T.},
     TITLE = {Interpolated denumerants and {L}ambert series},
   JOURNAL = {Amer. J. Math.},
  FJOURNAL = {American Journal of Mathematics},
    VOLUME = {65},
      YEAR = {1943},
     PAGES = {382--386},
      ISSN = {0002-9327},
   MRCLASS = {10.0X},
  MRNUMBER = {0009043 (5,92a)},
MRREVIEWER = {D. H. Lehmer},
}

@book {ehrhartbook,
    AUTHOR = {Ehrhart, E.},
     TITLE = {Polyn\^omes arithm\'etiques et m\'ethode des poly\`edres en
              combinatoire},
      NOTE = {International Series of Numerical Mathematics, Vol. 35},
 PUBLISHER = {Birkh\"auser Verlag},
   ADDRESS = {Basel},
      YEAR = {1977},
     PAGES = {165},
   MRCLASS = {10E99 (10B05 10E40)},
  MRNUMBER = {0432556 (55 \#5544)},
MRREVIEWER = {G. L. Alexanderson},
}


@book {riordanbook,
    AUTHOR = {Riordan, John},
     TITLE = {An introduction to combinatorial analysis},
      NOTE = {Reprint of the 1958 original [Wiley, New York;  MR0096594 (20
              \#3077)]},
 PUBLISHER = {Dover Publications Inc.},
   ADDRESS = {Mineola, NY},
      YEAR = {2002},
     PAGES = {xii+244},
      ISBN = {0-486-42536-3},
   MRCLASS = {05-01 (60-02 60C05)},
  MRNUMBER = {1949650},
}

@article {glaisher,
    AUTHOR = {Glaisher, J. W. L.},
     TITLE = {Formul\ae for partitions into given elements, derived from Sylvester's theorem},
   JOURNAL = {Quart. J. Pure Appl. Math.},
    VOLUME = {40},
      YEAR = {1909},
    NUMBER = {1},
     PAGES = {275--348}
}

@article {sillszeilberger,
    AUTHOR = {Sills, Andrew and Zeilberger, Doron},
     TITLE = {Formul\ae   \, for the number of partitions of $n$ into at most $m$ parts (using the quasi-polynomial ansatz)},
   JOURNAL = {Adv. in Appl. Math.},
  FJOURNAL = {Advances in Applied Mathematics},
  VOLUME=48,
   YEAR={2012},
   PAGES= {640-645}
}
		
@book {andrewsbook,
    AUTHOR = {Andrews, George E.},
     TITLE = {The theory of partitions},
    SERIES = {Cambridge Mathematical Library},
      NOTE = {Reprint of the 1976 original},
 PUBLISHER = {Cambridge University Press},
   ADDRESS = {Cambridge},
      YEAR = {1998},
     PAGES = {xvi+255},
      ISBN = {0-521-63766-X},
   MRCLASS = {11P81 (05A17 11P82 11P83)},
  MRNUMBER = {1634067 (99c:11126)},
}		
		

@book {kellereretalbook,
    AUTHOR = {Kellerer, Hans and Pferschy, Ulrich and Pisinger, David},
     TITLE = {Knapsack problems},
 PUBLISHER = {Springer-Verlag},
   ADDRESS = {Berlin},
      YEAR = {2004},
     PAGES = {xx+546},
      ISBN = {3-540-40286-1},
   MRCLASS = {90-02 (90C10 90C27 90C57)},
  MRNUMBER = {2161720 (2006d:90002)},
MRREVIEWER = {Peter Butkovi{\v{c}}},
}

@book {martellotothbook,
    AUTHOR = {Martello, Silvano and Toth, Paolo},
     TITLE = {Knapsack problems},
    SERIES = {Wiley-Interscience Series in Discrete Mathematics and
              Optimization},
      NOTE = {Algorithms and computer implementations},
 PUBLISHER = {John Wiley \& Sons Ltd.},
   ADDRESS = {Chichester},
      YEAR = {1990},
     PAGES = {xii+296},
      ISBN = {0-471-92420-2},
   MRCLASS = {90-02 (65K05 90C10)},
  MRNUMBER = {1086874 (92a:90006)},
MRREVIEWER = {N. I. Yanev},
}

@book {ramirezalfonsinbook,
    AUTHOR = {Ram{\'{\i}}rez Alfons{\'{\i}}n, J. L.},
     TITLE = {The {D}iophantine {F}robenius problem},
    SERIES = {Oxford Lecture Series in Mathematics and its Applications},
    VOLUME = {30},
 PUBLISHER = {Oxford University Press},
   ADDRESS = {Oxford},
      YEAR = {2005},
     PAGES = {xvi+243},
      ISBN = {978-0-19-856820-9; 0-19-856820-7},
   MRCLASS = {11D72 (05A17 11D04 11Y50 20M14)},
  MRNUMBER = {2260521 (2007i:11052)},
MRREVIEWER = {A. Sinan Sert{\"o}z},
       DOI = {10.1093/acprof:oso/9780198568209.001.0001},
       URL = {http://dx.doi.org/10.1093/acprof:oso/9780198568209.001.0001},
}


@article {beifangchen:2002,
    AUTHOR = {Chen, Beifang},
     TITLE = {Lattice points, {D}edekind sums, and {E}hrhart polynomials of
              lattice polyhedra},
   JOURNAL = {Discrete Comput. Geom.},
  FJOURNAL = {Discrete \& Computational Geometry. An International Journal
              of Mathematics and Computer Science},
    VOLUME = {28},
      YEAR = {2002},
    NUMBER = {2},
     PAGES = {175--199},
      ISSN = {0179-5376},
     CODEN = {DCGEER},
   MRCLASS = {52B20 (11F20 11P21)},
  MRNUMBER = {1920138 (2003g:52019)},
MRREVIEWER = {Alexander I. Barvinok},
       DOI = {10.1007/s00454-002-2759-7},
       URL = {http://dx.doi.org/10.1007/s00454-002-2759-7},
}

@article {berichtesurvey,
    AUTHOR = {De Loera, Jes{\'u}s A.},
     TITLE = {The many aspects of counting lattice points in polytopes},
   JOURNAL = {Math. Semesterber.},
  FJOURNAL = {Mathematische Semesterberichte},
    VOLUME = {52},
      YEAR = {2005},
    NUMBER = {2},
     PAGES = {175--195},
      ISSN = {0720-728X},
   MRCLASS = {52B20 (05A15 11H06 11P21)},
  MRNUMBER = {2159956 (2006c:52015)},
MRREVIEWER = {Matthias Beck},
       DOI = {10.1007/s00591-005-0094-9},
       URL = {http://dx.doi.org/10.1007/s00591-005-0094-9},
}

@book {MicciancioGoldwasserbook,
    AUTHOR = {Micciancio, Daniele and Goldwasser, Shafi},
     TITLE = {Complexity of lattice problems},
    SERIES = {The Kluwer International Series in Engineering and Computer
              Science, 671},
      NOTE = {A cryptographic perspective},
 PUBLISHER = {Kluwer Academic Publishers},
   ADDRESS = {Boston, MA},
      YEAR = {2002},
     PAGES = {x+220},
      ISBN = {0-7923-7688-9},
   MRCLASS = {94A60 (05B40 52B55 68-02 68P25 68Q15 68Q25 94-02)},
  MRNUMBER = {2042139 (2004m:94067)},
MRREVIEWER = {Yongge Wang},
}

@inproceedings {edelsbrunner-perturbation,
    AUTHOR = {Edelsbrunner, Herbert and M{\"u}cke, Ernst Peter},
     TITLE = {Simulation of simplicity: a technique to cope with degenerate
              cases in geometric algorithms},
 BOOKTITLE = {Proceedings of the {F}ourth {A}nnual {S}ymposium on
              {C}omputational {G}eometry ({U}rbana, {IL}, 1988)},
     PAGES = {118--133},
 PUBLISHER = {ACM},
   ADDRESS = {New York},
      YEAR = {1988},
   MRCLASS = {68U05},
  MRNUMBER = {1213465},
       DOI = {10.1145/73393.73406},
       URL = {http://dx.doi.org/10.1145/73393.73406},
}


@book {fulton-toric,
    AUTHOR = {Fulton, William},
     TITLE = {Introduction to toric varieties},
    SERIES = {Annals of Mathematics Studies},
    VOLUME = {131},
      NOTE = {The William H. Roever Lectures in Geometry},
 PUBLISHER = {Princeton University Press},
   ADDRESS = {Princeton, NJ},
      YEAR = {1993},
     PAGES = {xii+157},
      ISBN = {0-691-00049-2},
   MRCLASS = {14M25 (14-02 14J30)},
  MRNUMBER = {1234037 (94g:14028)},
MRREVIEWER = {T. Oda},
}


@book{guillemin-moment,
    AUTHOR = {Guillemin, Victor},
     TITLE = {Moment maps and combinatorial invariants of {H}amiltonian
              {$T^n$}-spaces},
    SERIES = {Progress in Mathematics},
    VOLUME = {122},
 PUBLISHER = {Birkh\"auser Boston Inc.},
   ADDRESS = {Boston, MA},
      YEAR = {1994},
     PAGES = {viii+150},
      ISBN = {0-8176-3770-2},
   MRCLASS = {58F06 (14C40 35L10 58F05)},
  MRNUMBER = {1301331 (96e:58064)},
MRREVIEWER = {Alejandro Uribe},
}

@article {dahmen,
    AUTHOR = {Dahmen, Wolfgang},
     TITLE = {On multivariate {$B$}-splines},
   JOURNAL = {SIAM J. Numer. Anal.},
  FJOURNAL = {SIAM Journal on Numerical Analysis},
    VOLUME = {17},
      YEAR = {1980},
    NUMBER = {2},
     PAGES = {179--191},
}


@book {micchelli,
    AUTHOR = {Micchelli, Charles A.},
     TITLE = {Mathematical aspects of geometric modeling},
    SERIES = {CBMS-NSF Regional Conference Series in Applied Mathematics},
    VOLUME = {65},
 PUBLISHER = {Society for Industrial and Applied Mathematics (SIAM)},
   ADDRESS = {Philadelphia, PA},
      YEAR = {1995},
     PAGES = {x+256},
      ISBN = {0-89871-331-5},
 }


@misc{xu,
title={Multivariate splines and polytopes},
author={Zhiqiang Xu},
howpublished={arXiv:{\penalty0} 0806.1127v3},
year=2009
}

@misc{brachat,
    title = {{Symmetric tensor decomposition}},
    author = {J. Brachat and P. Comon and B. Mourrain and E.P. Tsigaridas},
    howpublished = {arXiv:{\penalty0} 0901.3706v2 [cs.SC]},
    year = 2009
}


@InProceedings{bjorner-lovasz-yao,
author = {Anders Bj{\"o}rner and Laszlo Lov\'asz and Andrew C. C. Yao},
title = {Linear decision trees: volume estimates and topological bounds},
booktitle = {Proc. 24th Ann. ACM Symp. on Theory of Computing },
year = 1992,
pages= {170-177}
}

@article {MR1243770,
    AUTHOR = {Bj{\"o}rner, Anders and Lov{\'a}sz, L{\'a}szl{\'o}},
     TITLE = {Linear decision trees, subspace arrangements and {M}\"obius
              functions},
   JOURNAL = {J. Amer. Math. Soc.},
  FJOURNAL = {Journal of the American Mathematical Society},
    VOLUME = {7},
      YEAR = {1994},
    NUMBER = {3},
     PAGES = {677--706},
      ISSN = {0894-0347},
   MRCLASS = {52B55 (05C05 06A09 57M99 68Q25)},
  MRNUMBER = {1243770 (95e:52024)},
MRREVIEWER = {Rade {\v{Z}}ivaljevi{\'c}},
       DOI = {10.2307/2152788},
       URL = {http://dx.doi.org/10.2307/2152788},
}


@InProceedings{bueler-enge-fukuda-2000:exact-volume,
  author =   {Benno B{\"u}eler and Andreas Enge and Komei Fukuda},
  title =    {Exact volume computation for polytopes: A practical study.},
  booktitle =    {Polytopes -- Combinatorics and Computation},
  year =     2000,
  editor =   {Gil Kalai and G{\"u}nter M. Ziegler},
  volume =   29,
  series =   {DMV-Seminars},
  address =  {Basel},
  publisher =    {Birkh{\"a}user Verlag}
}

@misc{brachat,
    title = {{Symmetric tensor decomposition}},
    author = {J. Brachat and P. Comon and B. Mourrain and E.P. Tsigaridas},
    howpublished = {arXiv:{\penalty0} 0901.3706v2 [cs.SC]},
    year = 2009
}


@Article{Barvinok-1991,
 author =  {Barvinok, Alexander I.},
title = {  Computation of exponential integrals},
journal = {Zap. Nauchn. Sem. Leningrad. Otdel. Mat. Inst. Steklov. (LOMI) Teor. Slozhn. Vychisl.},
year = 1991,
volume = 5,
pages =  {149--162, 175--176},
  note = { translation in J. Math. Sci.  70  (1994),  no. 4, 1934--1943}
  }



@Article{Barvinok-1992,
author =  {Barvinok, Alexander I.},
title = {Partition functions in optimization and computational problems},
journal = {  Algebra i Analiz},
 year =   1992,
  volume = 4,
  pages =  {3--53},
   note = { translation in  St. Petersburg Math. J. 4 (1993),  no. 1, pp. 1--49}
   }

@Article{integralsbarvinok,
  author = {Barvinok, Alexander I.},
  title =   {Exponential integrals and sums over convex polyhedra (in {R}ussian)},
  journal = {Funktsional. Anal. i Prilozhen.},
  volume =      26,
  number =       2,
  pages =        {64--66},
  year =         1992,
  note = {translated in Funct. Anal. Appl. 26 (1992), no. 2, pp. 127--129}
}

@Article{Berline-Vergne-2007,
  author =   {Nicole Berline and Mich{\`e}le Vergne},
  title =    {Local {E}uler--{M}aclaurin formula for polytopes},
  journal =      {Moscow Math. J.},
  year =     2007,
  volume =   7,
  pages =    {355--386}
}

@Article{matiyasevich-1970,
  author =   {Matiyasevich, {\relax{Yu}}ri V.},
  title =    {Enumerable sets are diophantine},
  journal =      {Doklady Akademii Nauk SSSR},
  year =     1970,
  volume =   191,
  pages =    {279--282},
  note =     {(Russian); English translation, Soviet Mathematics
                  Doklady, vol. 11 (1970), pp. 354--357}}




  @Article{alexanderhirschowitz,
  author={ J. Alexander and A. Hirschowitz},
  title={Polynomial interpolation in several variables},
  journal={J. Algebraic Geom.},
  volume= 4,
  year={1995},
  pages= {201--222}
  }

@Book{matiyasevich-1993,
  author =   {Matiyasevich, {\relax{Yu}}ri V.},
  title =    {Hilbert's tenth problem},
  publisher =    {The MIT Press},
  address =      {Cambridge, MA, USA},
  year =     1993}
}

@Book{gareyjohnson,
author={M. R. Garey and D. S. Johnson},
title={Computers and Intractibility: A Guide to the Theory of {NP}-completeness},
publisher={W. H. Freeman and Co.},
address={San Francisco, California},
year=1979
}

@Book{zieglerpolybook,
author={G. M. Ziegler},
title={Lectures on Polytopes},
series={Graduate texts in Mathematics},
number=152,
publisher={Springer},
address={New York},
year=1995
}

@Book{burgisseretal,
author={P. B\"urgisser and M. Clausen and M. A. Shokrollahi},
title={Algebraic Complexity Theory},
series={Grundlehren der mathematischen Wissenschaften},
number=315,
publisher={Springer},
address={Berlin},
year=1997
}



@Article{Renegar:1992:CCGa,
  author =       "James Renegar",
  title =        "On the Computational Complexity and Geometry of the
                 First-Order Theory of the Reals, Part {I}:
                 Introduction. {Preliminaries}. {The} Geometry of
                 Semi-Algebraic Sets. {The} Decision Problem for the
                 Existential Theory of the Reals",
  journal =      "Journal of Symbolic Computation",
  volume =       13,
  number =       3,
  pages =        "255--300",
  year =         1992
}

@Article{motzkin-straus,
author={T. S. Motzkin and E. G. Straus},
title={Maxima for Graphs and a New Proof of a Theorem of {T}ur\'an},
journal={Canadian Journal of Mathematics},
volume=17,
pages={533--540},
year=1965
}

@Article{Renegar:1992:CCGb,
  author =       "James Renegar",
  title =        "On the Computational Complexity and Geometry of the
                 First-Order Theory of the Reals, Part {II}: The General
                 Decision Problem. {Preliminaries} for Quantifier
                 Elimination",
  journal =      "Journal of Symbolic Computation",
  volume =       13,
  number =       3,
  pages =        "301--328",
  year =         1992
}

@Article{Renegar:1992:CCGc,
  author =       "James Renegar",
  title =        "On the Computational Complexity and Geometry of the
                 First-order Theory of the Reals. Part {III}: Quantifier
                 Elimination",
  journal =      "Journal of Symbolic Computation",
  volume =       13,
  number =       3,
  pages =        "329--352",
  year =         1992
}

@Article{Renegar:1992:Approximating,
  author =   {James Renegar},
  title =    {On the Computational Complexity of Approximating
                  Solutions for Real Algebraic Formulae},
  journal =      {SIAM Journal on Computing},
  year =     1992,
  volume =   21,
  number =   6,
  pages =    {1008--1025}}

@Article{schechter,
  author =  {Murray Schechter},
  title =   {Integration over a Polyhedron: An Application of
the {F}ourier--{M}otzkin Elimination Method},
  journal = {American Mathematical Monthly},
  volume =      105,
  number =       3,
  pages =        {246--251},
  year =         1998
}



@Article{lasserre-integrapoly,
author={Jean B. Lasserre},
title={Integration on a convex polytope},
journal={Proceedings of the AMS},
volume=126,
number=8,
pages={2433--2441},
year=1998
}

@Article{lasserre-avrachenkov2001,
author={Jean Bernard Lasserre and Konstantin Avrachenkov},
title={The multidimensional version of $\int_a^b x^p \,\mathrm{d}x$},
journal={American Mathematical Monthly},
volume=108,
number=2,
pages={151--154},
year=2001
}



@Article{jones-1982,
  author =   {Jones, James P.},
  title =    {Universal Diophantine equation},
  journal =      {Journal of Symbolic Logic},
  year =     1982,
  volume =   47,
  number =   3,
  pages =    {403--410}}

@InCollection{vavasis-1993,
  author =   {Stephen A. Vavasis},
  title =    {Polynomial time weak approximation algorithms for
                  quadratic programming},
  crossref =  {pardalos:complexity-numerical-optimization}}

@InCollection{bellare-rogaway-1993,
  author =   {Mihir Bellare and Philip Rogaway},
  title =    {The complexity of aproximating a nonlinear program},
  crossref =  {pardalos:complexity-numerical-optimization}}

@Book{pardalos:complexity-numerical-optimization,
  editor =   {Panos M. Pardalos},
  title =    {Complexity in Numerical Optimization},
  publisher =    {World Scientific},
  year =     1993}

@Book{Figueiraetal:multicriteria-book,
editor={J. Figueira and S. Greco and M. Ehrgott},
title={Multiple Criteria Decision Analysis. State of the Art Surveys},
publisher={Springer},
year=2005}

@Book{Sawaragietal:multiobjectivebook,
editor={Sawaragi, Y. and Nakayama, H. and Tanino, T.},
title={Theory of Multiobjective Optimization},
publisher={Academic Press},
year=1985}

@Article{beck-hosten:cyclotomic,
  author = {Matthias Beck and Serkan Ho{\c{s}}ten},
  title = {Cyclotomic Polytopes and Growth Series of Cyclotomic
                  Lattices},
  journal = {Mathematical Research Letters},
  volume = 13,
  number = 4,
  pages = {607--622},
  year = {2006},
  eprint = {math.CO/0508136}
}


@Article{bar,
  author =   {Barvinok, Alexander I.},
  title =    {Polynomial time algorithm for
  counting integral points in polyhedra when the dimension is fixed},
  journal =      {Mathematics of Operations Research},
  year =     1994,
  volume =   19,
  pages =    {769--779}
}



@InCollection{BarviPom,
  author =   {Barvinok, Alexander I. and Pommersheim, James E.},
  title =    {An algorithmic theory of lattice points in polyhedra},
  booktitle =    {New Perspectives in Algebraic Combinatorics},
  pages =    {91--147},
  publisher =    {Cambridge Univ. Press},
  year =     1999,
  editor =   {Billera, Louis J. and Bj\"orner, Anders and Greene,
                  Curtis and Simion, Rodica E. and Stanley, Richard P.},
  volume =   38,
  series =   {Math. Sci. Res.  Inst. Publ.},
  address =  {Cambridge},
  annote = {identical to barvinok:99}
}

@InCollection{barvinok:99,
  author =   {Barvinok, Alexander I. and Pommersheim, James E.},
  title =    {An algorithmic theory of lattice points in polyhedra},
  booktitle =    {New Perspectives in Algebraic Combinatorics},
  pages =    {91--147},
  publisher =    {Cambridge Univ. Press},
  year =     1999,
  editor =   {Billera, Louis J. and Bj\"orner, Anders and Greene,
                  Curtis and Simion, Rodica E. and Stanley, Richard P.},
  volume =   38,
  series =   {Math. Sci. Res.  Inst. Publ.},
  address =  {Cambridge},
  annote = {identical to BarviPom}
}


@Article{newbar,
  author =   {Barvinok, Alexander I.},
  title =    {Computing the {E}hrhart quasi-polynomial of a rational simplex},
  journal=    {Mathematics of Computation},
  year =     2006,
  volume= 75,
pages={1449-1466}
}

@Article{Beck1,
author={Beck, M.},
title={Counting lattice points by means of the residue theorem},
journal={Ramanujan Journal},
year=2000,
volume=4,
number={3},
pages={299-310}
}

@InCollection{DG,
  author =   {Diaconis, P. and Gangolli, A.},
  title =    {Rectangular arrays with fixed margins},
  booktitle =    {Discrete probability and algorithms (Minneapolis 1993)},
  pages =    {15--41},
  publisher =    {Springer},
  year =     1995,
  volume =   72,
  series =   {IMA series},
  address =  {New York}
}


@InCollection{welsh,
author= {Welsh, D.},
title={Approximate counting.},
booktitle={Surveys in Combinatorics (edited by R.A. Bailey)},
publisher={London Mathematical Society},
year=1997,
volume=241,
series={Lecture notes},
address={London}
}


@Article{latte1,
  author =   {De Loera, Jes{\'u}s A. and Hemmecke, Raymond and
                  Tauzer, Jeremiah  and Yoshida, Ruriko},
  title =    {Effective lattice point counting in rational convex polytopes},
  journal =      {Journal of Symbolic Computation},
  year =     2004,
  volume =   38,
  number =   4,
  pages =    {1273--1302}
}


@Article{latte2,
  author =   {De Loera, Jes{\'u}s A. and Haws, David C. and Hemmecke, Raymond and
                  Huggins, Peter and Sturmfels, Bernd and Yoshida, Ruriko},
  title =    {Short rational functions for toric algebra and applications},
  journal =      {Journal of Symbolic Computation},
  year =     2004,
  volume =   38,
  number =   2,
  pages =    {959--973}
}

@Article{woeginger-dynamic-programming,
  author =   {Gerhard J. Woeginger},
  title =    {When does a dynamic programming formulation guarantee the existence of a fully polynomial time approximation scheme ({FPTAS})?},
  journal =      {INFORMS Journal on Computing},
  year =     2000,
  volume =   12,
  pages =    {57--75}
}

@book {ledoux:concentration-of-measure,
    AUTHOR = {Ledoux, Michel},
     TITLE = {The concentration of measure phenomenon},
    SERIES = {Mathematical Surveys and Monographs},
    VOLUME = {89},
 PUBLISHER = {American Mathematical Society},
   ADDRESS = {Providence, RI},
      YEAR = {2001},
     PAGES = {x+181},
      ISBN = {0-8218-2864-9},
   MRCLASS = {28C15 (28A35 46B09 60E15 82B44)},
  MRNUMBER = {MR1849347 (2003k:28019)},
MRREVIEWER = {Werner Linde},
}

@Unpublished{hickerson-1991,
  author =   {Dean Hickerson},
  title =    {Relatives of the triple and quintuple product identities},
  note =     {Manuscript},
  year =     1991
}


@Article{schmidtbincer,
author={Schmidt, J.R. and Bincer, A.},
title={The Kostant partition function for simple Lie algebras},
journal={ J. Mathematical Physics},
year=1984,
volume=25,
pages= {2367--2373}
}

@Article{sethetal,
author={Sullivant, S. and Chen Y. and Dinwoodie I.},
title={Sequential importance sampling for multiway tables},
journal={Annals of Statistics},
pages={to appear}
}

@Book{schrijver,
author={Schrijver, A.},
title={Theory of Linear and Integer Programming},
publisher={Wiley-Interscience},
year=1986
}


@Book{stanley,
author={Stanley, Richard P.},
title={Enumerative Combinatorics},
volume={I},
publisher={Cambridge},
year=1997
}

@Book{stanley-1996-comb-comm-algebra,
  author =   {Stanley, Richard P.},
  title =    {Combinatorics and Commutative Algebra},
  publisher =    {Birkh\"auser},
  year =     1996,
  number =   41,
  series =   {Progress in Mathematics},
  address =      {Boston},
  edition =      {Second}}

@Unpublished{latte-flavors,
  author =   {De Loera, Jes{\'u}s A. and K{\"o}ppe, Matthias},
  title =    {New {LattE} flavors},
  note = {Manuscript},
  year = 2006
}

@Misc{latte-macchiato,
  author =	 {K{\"o}ppe, Matthias},
  title =	 {{LattE macchiato}, version 1.2-mk-0.9.3, an improved version of {De Loera}
                  et al.'s {LattE} program for counting integer points in
                  polyhedra with variants of {Barvinok}'s algorithm},
  howpublished = {Available from URL {\url{http://www.math.ucdavis.edu/~mkoeppe/latte/}}}
,
  year = 2008
}

@Article{koeppe:irrational-barvinok,
  author =   {Matthias K{\"o}ppe},
  title =    {A primal {B}arvinok algorithm based on irrational decompositions},
  year =     2007,
  journal =      {SIAM Journal on Discrete Mathematics},
  volume = 21,
  number = 1,
  pages = {220--236},
  doi = {10.1137/060664768},
  eprint =       {math.CO/0603308}
}


@InProceedings{bueler-enge-fukuda-2000:exact-volume,
  author =   {Benno B{\"u}eler and Andreas Enge and Komei Fukuda},
  title =    {Exact volume computation for polytopes: A practical study.},
  booktitle =    {Polytopes -- Combinatorics and Computation},
  year =     2000,
  editor =   {Gil Kalai and G{\"u}nter M. Ziegler},
  volume =   29,
  series =   {DMV-Seminars},
  address =  {Basel},
  publisher =    {Birkh{\"a}user Verlag}
}

@InProceedings{laurentsurvey,
author={M. Laurent},
title={Sums of squares, moment matrices, and optimization over polynomials},
booktitle={In ``Emerging applications of algebraic geometry},
series={IMA volumes in Mathematics and its Applications},
address={Minneapolis, Minnesota},
editor={M. Putinar and S. Sullivant},
year=2008
}

@InProceedings{matera,
author={G. Matera},
title={Integration of multivariate
rational functions given by straight-line programs},
booktitle={Proceedings of the 11th international symposium on applied algebra,
algebraic algorithms and error-correcting codes},
series={Lecture notes in Computer Science},
volume=948,
publisher={Springer},
address={London},
pages={347--364},
year=1995
}


@Misc{latte-1.2,
  author =   {De Loera, Jes{\'u}s A. and Haws, David C. and Hemmecke,
                  Raymond and Huggins, Peter and Tauzer, Jeremiah and
                  Yoshida, Ruriko},
  title =    {{LattE}, version 1.2},
  howpublished = {Available from URL {\url{ http://www.math.ucdavis.edu/~latte/}}},
  year =     2005
}

@article{beck-sottile:irrational,
  author =   {Beck, Matthias and Sottile, Frank},
  title =    {Irrational proofs for three theorems of {S}tanley},
  journal =      {European Journal of Combinatorics},
  volume = 28,
  number = 1,
  pages = {403--409},
  eprint =       {math.CO/0501359},
  year =     2007
}

@article{beck-haase-sottile:theorema,
year={2009},
issn={0343-6993},
journal={The Mathematical Intelligencer},
volume={31},
number={1},
doi={10.1007/s00283-008-9013-y},
title={(Formulas of Brion, Lawrence, and Varchenko on rational generating functions for cones)},
url={http://dx.doi.org/10.1007/s00283-008-9013-y},
publisher={Springer-Verlag},
author={Beck, Matthias and Haase, Christian and Sottile, Frank},
pages={9-17},
language={English}
}


@article{verdoolaege-et-al:counting-parametric,
  author = {Sven Verdoolaege and  Rachid Seghir and  Kristof Beyls and
                  Vincent Loechner and Maurice Bruynooghe},
  title = {Counting integer points in parametric polytopes using
                  {B}arvinok's rational functions},
  journal = "Algorithmica",
  year = 2007,
  volume = 48,
  number = 1,
  month = jun,
  publisher = "Springer New York",
  pages = "37--66",
  doi = {10.1007/s00453-006-1231-0},
  howpublished = {Available from URL {\url{http://www.springerlink.com/content/g762k065685n1357/}}},
}

@misc{barvinok-0.21,
  author = {Sven Verdoolaege},
  title = {{\texttt{barvinok}}, version 0.21},
  howpublished = {Available from URL \url{http://freshmeat.net/projects/barvinok/}},
  year = 2006
}

@misc{barvinok-noversion,
  author = {Sven Verdoolaege},
  title = {{\texttt{barvinok}}},
  howpublished = {Available from URL \url{http://freshmeat.net/projects/barvinok/}},
  year = 2007
}

@misc{barvinok-manual-noversion,
  author = {Sven Verdoolaege},
  title = {{\texttt{barvinok}}: User Guide},
  howpublished = {Available from URL \url{http://freshmeat.net/projects/barvinok/}},
  year = 2007
}

@unpublished{barvinok-deloera-koeppe:approx,
  author={Barvinok, Alexander I. and De Loera, Jes{\'u}s A.  and
                  Matthias K{\"o}ppe},
  title = {An Algebraic Scheme for Estimating the Number of Lattice
                  Points in Polyhedra},
  note = {Manuscript},
  year = {2006},
  annote = {Barvinok mag z.Zt. nicht, das wir das hier zitieren}
}

@article{barvinok-1993:exponential-sums,
  author = {Barvinok, Alexander I.},
  title = {Computing the volume, counting integral points, and
    exponential sums},
  journal = {Discrete Comput. Geom.},
  volume = 10,
  number = 2,
  year = 1993,
  pages = {123--141}
}


@misc{lidia-2.2.0,
  key={LiDIA, version 2.2.0},
  title={{LiDIA}, version 2.2.0, A {C++} Library For Computational Number Theory},
  howpublished={Available from URL
                  \url{http://www.informatik.tu-darmstadt.de/TI/LiDIA/}},
  year=2006
}

@Misc{ntl-5.4,
  author =   {Victor Shoup},
  title =    {{NTL}, A Library for doing Number Theory},
  howpublished = {Available from URL \url{http://www.shoup.net/ntl/}},
  year =     2005
}

@Misc{gmp-4.1.4,
  key = {GMP, version 4.1.4},
  title =    {{GMP}, version 4.1.4, The {GNU} Multiple Precision Arithmetic Library},
  howpublished = {Available from URL \url{http://www.swox.com/gmp/}},
  year =     2004
}

@misc{cddlib-094a,
  author = {Fukuda, Komei},
  title = {{\texttt{cddlib}}, version 094a},
  howpublished = {Available from URL
                  \url{http://www.cs.mcgill.ca/~fukuda/soft/cdd_home/cdd.html}},
  year = 2005
}


@Unpublished{hugginsthesis,
  author =   {Huggins, P. M.},
  title =    {Lattice point enumeration via rational functions and
                  applications to optimization and statistics},
  note =     {Senior undergraduate thesis, Department of
                  mathematics, University of California, Davis},
  year =     {2004}
}

@TechReport{verdoolaege-wood-bruynooghe-cools-2005,
  author =   {Sven Verdoolaege and Kevin M. Woods and Maurice
                  Bruynooghe and Ronald Cools},
  title =    {Computation and Manipulation of Enumerators of
                  Integer Projections of Parametric Polytopes},
  institution =  {Katholieke Universiteit Leuven, Department of
                  Computer Science},
  year =     2005,
  type =     {Report},
  number =   {CW{\,}392},
  month =    {March}
}


@Article{barvinok-woods-2003,
  author =   {Barvinok, Alexander I. and Woods, Kevin},
  title =    {Short rational generating functions for lattice
                  point problems},
  journal =      {Journal of the AMS},
  year =     2003,
  volume =   16,
  number =   4,
  pages =    {957--979}
}



@Article{verdoolaege-woods-2005,
    author = {Sven Verdoolaege and Kevin M. Woods},
    title = {Counting with rational generating functions},
    journal = {J. Symb. Comput.},
    volume = {43},
    number = {2},
    year = {2008},
    issn = {0747-7171},
    pages = {75--91},
    doi = {http://dx.doi.org/10.1016/j.jsc.2007.07.007},
    publisher = {Academic Press, Inc.},
    address = {Duluth, MN, USA},
    equivalent-entries = {Verdoolaege2008counting}
}

@Unpublished{barvinok-approximation-idea,
  author =   {Alexander I. Barvinok},
  title =    {Personal commmunication},
  year =     2005
}

@misc{bremner-dutour-schuermann-2007,
  author =   {David Bremner and Dutour Sikiri{\'{c}}, Mathieu and
                  Achill Sch{\"{u}}rmann},
  title =    {Polyhedral representation conversion up to symmetries},
  year = 2007,
  howpublished = {eprint arXiv:{\penalty0}math.MG/0702239}
}

@article{Loechner97parameterized,
    author = "Vincent Loechner and Doran K. Wilde",
    title = "Parameterized Polyhedra and Their Vertices",
    journal = "International Journal of Parallel Programming",
    volume = "25",
    number = "6",
    pages = "525--549",
    year = "1997",
    month = dec,
    publisher = {Kluwer Academic Publishers},
    url = "citeseer.nj.nec.com/article/loechner95parameterized.html" }

@phdthesis{Meister2004PhD,
    title = {Stating and Manipulating Periodicity in the Polytope Model. Applications to Program Analysis and Optimization},
    author= {Beno\^it Meister},
    institution = {Universit\'e Louis Pasteur},
    month = Dec,
    year  = {2004},
    school = ICPS,
}

@Article{koeppe-verdoolaege:parametric,
  author = 	 {Matthias K\"oppe and Sven Verdoolaege},
  title = 	 {Computing parametric rational generating functions
                  with a primal {B}arvinok algorithm},
  journal = {The Electronic Journal of Combinatorics},
  volume = 15,
  year = 2008, 
  pages = {1--19},
  note = {\#R16}
}

@Misc{deloera-hemmecke-koeppe:multiobjective,
  author = 	 {De Loera, Jes{\'u}s A. and Raymond Hemmecke and
                  Matthias K{\"o}ppe},
  title = 	 {Pareto Optima of Multicriteria Integer Linear
                  Programs},
  journal = {INFORMS Journal on Computing},
  year = 2009,
  volume = 21, 
  number = 1,
  month = {Winter},
  pages = {39--48}, 
  doi = {10.1287/ijoc.1080.0277}
}

@Article{ehrgott-gandibleux-2000,
  author =   {Ehrgott, M. and Gandibleux, X.},
  title =    {A survey and annotated bibliography of multiobjective combinatorial optimization},
  journal =      {OR Spektrum},
  year =     2000,
  volume =   22,
  pages =    {425--460}}

@Article{emelichev-perepelitsa-1992,
  author =   {Emelichev, V. A. and Perepelitsa, V. A.},
  title =    {On the cardinality of the set of alternatives in
                  discrete many-criterion problems},
  journal =      {Discrete Mathematics and Applications},
  year =     1992,
  volume =   2,
  pages =    {461--471}}

@Article{isermann-1974,
  author =   {Isermann, H.},
  title =    {Proper efficiency and the linear vector maximum
                  problem},
  journal =      {Operations Research},
  year =     1974,
  volume =   22,
  pages =    {189--191}}

@Article{lasserre-2003-gomory-relaxations,
  author =   {Lasserre, J. B.},
  title =    {Integer
programming, {B}arvinok's counting algorithm and {G}omory relaxations},
  journal =      {Oper. Res. Letters},
  year =     2003,
  volume =   32,
  pages =    {133--137}}

@Article{mora-robbiano-1988,
  author =   {Mora, T. and Robbiano, L.},
  title =    {The {G}r{\"o}bner fan of an ideal},
  journal =      {Journal of Symbolic Computation},
  year =     1988,
  volume =   6,
  number =   {2--3},
  pages =    {183--208}}

@Article{sergienko-perepelitsa-1991,
  author =   {Sergienko, I. V. and Perepelitsa, V. A.},
  title =    {Finding the set of alternatives in discrete
                  multi-criterion problems},
  journal =      {Cybernetics},
  year =     1991,
  volume =   3,
  pages =    {673--683}}

@Article{johnson-yannakakis-papadimitriou-1988,
  author =   {David S. Johnson and Mihalis Yannakakis and {\relax{Ch}}ristos
                  H. Papadimitriou},
  title =    {On generating all maximal independent sets},
  journal =      {Information Processing Lettes},
  year =     1988,
  volume =   27,
  pages =    {119--123}}

@PhdThesis{Woods:thesis,
  author =   {Kevin Woods},
  title =    {Rational Generating Functions and Lattice Point Sets},
  school =   {University of Michigan},
  year =     2004}

@Article{jeroslow-1973:quadratic-ip-uncomputable,
  author =   {Jeroslow, R. G.},
  title =    {There cannot be any algorithm
    for integer programming with quadratic constraints},
  journal =      {Operations
  Research},
  year =     1973,
  volume =   21,
  number =   1,
  pages =    {221--224}}

@Article{deloera-hemmecke-koeppe-weismantel:intpoly-fixeddim,
  author =   {De Loera, Jes{\'u}s A. and Hemmecke, Raymond and
                  K{\"o}ppe, Matthias and Weismantel, Robert},
  title =    {Integer Polynomial Optimization in Fixed Dimension},
  journal =      {Mathematics of Operations Research},
  year =     2006,
  volume =       31,
  number =       1,
  pages =        {147--153},
  eprint =       {math.OC/0410111}
}

@Book{bharuchaetal,
author={ A. T. Bharucha-Reid and M. Sambandham},
title={Random Polynomials},
publisher={Academic Press},
address={Orlando, Florida},
year=1986
}

@Book{ZienkTay,
author={O. C. Zienkiewicz and R. L. Taylor},
title={The finite element method},
publisher={McGraw-Hill},
address={London},
year=1988
}

@InProceedings{rademacher,
author={Luis Rademacher},
title={Approximating the centroid is hard},
booktitle={Proceedings of 23th annual ACM Symposium of Computational Geometry,
Gyeongju, South Korea, June 6-8, 2007},
pages={302--305},
year=2007
}

@InProceedings{deloera-hemmecke-koeppe-weismantel:mixedintpoly-fixeddim,
  author =   {De Loera, Jes{\'u}s A. and Hemmecke, Raymond and
                  K{\"o}ppe, Matthias and Weismantel, Robert},
  title =    {{FPTAS} for Mixed-Integer Polynomial Optimization with a Fixed
  Number of Variables},
  booktitle =    {Proceedings of the 17th Annual {ACM-SIAM} Symposium on Discrete
    Algorithms, {M}iami, {FL}, January 22--24, 2006},
  pages =    {743--748},
  year =     2006,
  eprint =       {math.OC/0505677}
}

@Article{deloera-hemmecke-koeppe-weismantel:mixedintpoly-fixeddim-fullpaper,
  author = 	 {De Loera, Jes{\'u}s A. and Hemmecke, Raymond and
                  K{\"o}ppe, Matthias and Weismantel, Robert},
  title = 	 {{FPTAS} for Optimizing Polynomials over the Mixed-Integer Points of Polytopes
  in Fixed Dimension},
  journal = {Mathematical Programming, Series~A},
  volume = 118,
  pages = {273--290},
  doi = {10.1007/s10107-007-0175-8},                
  year = 2008,
  annote = {full version of SODA 2006 paper}
}

@InProceedings{deloera-etal-2004:three-kinds-ip,
  author =   {De Loera, Jes{\'u}s A. and Haws, David C. and Hemmecke, Raymond and Huggins, Peter
   and Yoshida, Ruriko},
  title =    {Three kinds of Integer Programming Algorithms based on
{B}arvinok's rational functions},
  booktitle =    {Integer Programming and Combinatorial Optimization, 10th {IPCO} Proceedings},
  pages =    {244--255},
  year =     2004,
  volume =   3064,
  series =   {Lecture Notes in Computer Science},
  publisher =    {Springer}
}

@Article{deloera-etal-2005:five-ip-algorithms,
  author =   {De Loera, Jes{\'u}s A. and Haws, David C. and Hemmecke, Raymond and Huggins, Peter
   and Yoshida, Ruriko},
  title =    {A Computational Study of Integer Programming
                  Algorithms based on {B}arvinok's rational functions},
  journal =      {Discrete Optimization},
  year =     2005,
  volume =   2,
  pages =    {135--144},
  annote =   {Journal version of deloera-etal-2004:three-kinds-ip}
}

@Article{lasserre-2004:generating-functions-duality-ip,
  author =   {Lasserre, Jean B.},
  title =    {Generating functions and duality for integer programs},
  journal =      {Discrete Optimization},
  year =     2004,
  volume =   1,
  pages =    {167--187}
}

@article{brionvergne1997,
    AUTHOR = {Brion, Michel and Vergne, Mich{\`e}le},
     TITLE = {Lattice points in simple polytopes},
   JOURNAL = {J. Amer. Math. Soc.},
  FJOURNAL = {Journal of the American Mathematical Society},
    VOLUME = {10},
      YEAR = {1997},
    NUMBER = {2},
     PAGES = {371--392}
}


@article{Brion1997residue,
    AUTHOR = {Brion, Michel and Vergne, Mich{\`e}le},
     TITLE = {Residue formulae, vector partition functions and lattice
              points in rational polytopes},
   JOURNAL = {J. Amer. Math. Soc.},
  FJOURNAL = {Journal of the American Mathematical Society},
    VOLUME = {10},
      YEAR = {1997},
    NUMBER = {4},
     PAGES = {797--833},
      ISSN = {0894-0347},
   MRCLASS = {52B20 (05A17 11P21 14M25)},
  MRNUMBER = {1446364 (98e:52008)},
MRREVIEWER = {Alexander I. Barvinok},
       DOI = {10.1090/S0894-0347-97-00242-7},
}

@article{Baldoni2001counting,
 author = {M. Welleda Baldoni-Silva and
               De Loera, Jes{\'u}s A. and
               Mich{\`e}le Vergne},
 title = {Counting Integer Flows in Networks},
 journal = {Found. Comput. Math.},
 volume = {4},
 number = {3},
 year = {2004},
 issn = {1615-3375},
 pages = {277--314},
 doi = {http://dx.doi.org/10.1007/s10208-003-0088-8},
 annote = {identical with Baldoni-Silva+deLoera+Vergne:2003 in francetelecom.bib}
}

@book {henrici3,
    AUTHOR = {Henrici, Peter},
     TITLE = {Applied and computational complex analysis. {V}ol. 3},
    SERIES = {Pure and Applied Mathematics (New York)},
      NOTE = {Discrete Fourier analysis---Cauchy integrals---construction of
              conformal maps---univalent functions,
              A Wiley-Interscience Publication},
 PUBLISHER = {John Wiley \& Sons Inc.},
   ADDRESS = {New York},
      YEAR = {1986},
     PAGES = {xvi+637},
      ISBN = {0-471-08703-3},
   MRCLASS = {30-02 (30C30 65-02 65E05)},
  MRNUMBER = {822470 (87h:30002)},
MRREVIEWER = {A. E. Heins},
}


@book {henrici2,
    AUTHOR = {Henrici, Peter},
     TITLE = {Applied and computational complex analysis. {V}ol. 2},
    SERIES = {Wiley Classics Library},
      NOTE = {Special functions---integral
              transforms---asymptotics---continued fractions,
              Reprint of the 1977 original,
              A Wiley-Interscience Publication},
 PUBLISHER = {John Wiley \& Sons Inc.},
   ADDRESS = {New York},
      YEAR = {1991},
     PAGES = {x+662},
      ISBN = {0-471-54289-X},
   MRCLASS = {30-02 (65E05)},
  MRNUMBER = {1164865 (93b:30001)},
}

@book {henrici1,
    AUTHOR = {Henrici, Peter},
     TITLE = {Applied and computational complex analysis. {V}ol. 1},
    SERIES = {Wiley Classics Library},
      NOTE = {Power series---integration---conformal mapping---location of
              zeros,
              Reprint of the 1974 original,
              A Wiley-Interscience Publication},
 PUBLISHER = {John Wiley \& Sons Inc.},
   ADDRESS = {New York},
      YEAR = {1988},
     PAGES = {xviii+682},
      ISBN = {0-471-60841-6},
   MRCLASS = {30-02 (65E05)},
  MRNUMBER = {1008928 (90d:30002)},
}







@inproceedings{Pfeifle2003,
  author    = {Julian Pfeifle and
               J{\"o}rg Rambau},
  title     = {Computing Triangulations Using Oriented Matroids.},
  booktitle = {Algebra, Geometry, and Software Systems},
  year      = {2003},
  publisher = {Springer},
  pages     = {49-75},
  editor    = {Michael Joswig and
               Nobuki Takayama},
}

@book{Gelfand1994,
    author = "Israel M. Gelfand and Mikhail M. Kapranov and Andrei V. Zelevinsky",
    title = "Discriminants, Resultants and Multidimensional Determinants",
    publisher = "Birkh{\"a}user, Boston",
    year = 1994,
}

@inproceedings{Eisenschmidt2007integrally,
    author = {Eisenschmidt, Elke and K\"oppe, Matthias},
    title = "Integrally  indecomposable polytopes and the survivable network design problem",
    note = "To appear",
    booktitle = "Electronic proceedings of the 6th International Workshop on the Design of Reliable Communication Networks, DRCN 2007",
    locationg = "La Rochelle, France",
    year = 2007,
}



@book{Stanley1997Enumerative-Com,
    Author = {Stanley, Richard P.},
    Date-Added = {2007-09-02 16:27:57 -0700},
    Date-Modified = {2007-09-02 16:27:57 -0700},
    Publisher = {Cambridge University Press},
    Title = {Enumerative Combinatorics},
    Volume = {1},
    Year = {1997}}

@book{Schrijver2003Combinatorial-O,
    Author = {Schrijver, Alexandeer},
    Date-Added = {2007-08-31 14:55:43 -0700},
    Date-Modified = {2007-08-31 14:56:42 -0700},
    Publisher = {Springer},
    Title = {Combinatorial Optimization: Polyhedra and Efficiency},
    Year = {2003}}

@article{brightwellwinkler91,
    Author = {Brightwell, Graham and Winkler, Peter},
    Fjournal = {Order. A Journal on the Theory of Ordered Sets and its Applications},
    Journal = {Order},
    Number = {3},
    Pages = {225--242},
    Title = {Counting linear extensions},
    Volume = {8},
    Year = {1991}}

@incollection{khachiyan93,
    Address = {Berlin},
    Author = {Khachiyan, Leonid},
    Booktitle = {New trends in discrete and computational geometry},
    Pages = {91--101},
    Publisher = {Springer},
    Series = {Algorithms Combin.},
    Title = {Complexity of polytope volume computation},
    Volume = {10},
    Year = {1993}}

@article{lawrence91,
    Author = {Lawrence, Jim},
    Fjournal = {Mathematics of Computation},
    Journal = {Math. Comp.},
    Number = {195},
    Pages = {259--271},
    Title = {Polytope volume computation},
    Volume = {57},
    Year = {1991}}

@incollection{lawrence91-2,
    Address = {Providence, RI},
    Author = {Lawrence, Jim},
    Booktitle = {Discrete and computational geometry (New Brunswick, NJ, 1989/1990)},
    Pages = {199--208},
    Publisher = {Amer. Math. Soc.},
    Series = {DIMACS Ser. Discrete Math. Theoret. Comput. Sci.},
    Title = {Rational-function-valued valuations on polyhedra},
    Volume = {6},
    Year = {1991}}

@article{elekes86,
    Author = {Elekes, G.},
    Journal = {Discrete Comput. Geom.},
    Number = {4},
    Pages = {289--292},
    Title = {A geometric inequality and the complexity of computing volume},
    Volume = {1},
    Year = {1986}}

@article{Barvinok2006Computing-the-E,
    Author = {Barvinok, Alexander I.},
    Date-Modified = {2007-08-31 15:22:28 -0700},
    Fjournal = {Mathematics of Computation},
    Journal = {Math. Comp.},
    Number = {255},
    Pages = {1449--1466 (electronic)},
    Title = {Computing the {E}hrhart quasi-polynomial of a rational simplex},
    Volume = {75},
    Year = {2006}}


@book{Schrijver1986Theory-of-linea,
    Address = {New York, NY, USA},
    Author = {Alexandeer Schrijver},
    Date-Added = {2007-08-22 19:36:17 -0700},
    Date-Modified = {2007-08-24 01:18:54 -0700},
    Publisher = {John Wiley \& Sons, Inc.},
    Title = {Theory of linear and integer programming},
    Year = {1986}}

@book{1997Handbook-of-dis,
    Address = {Boca Raton, FL, USA},
    Date-Added = {2007-08-21 19:15:57 -0700},
    Date-Modified = {2007-08-24 01:18:26 -0700},
    Editor = {{Jacob E.} Goodman and {Joseph} O'{R}ourke},
    Publisher = {CRC Press, Inc.},
    Title = {Handbook of discrete and computational geometry},
    Year = {1997}}

@article{dyerfrieze88,
    Address = {Philadelphia, PA, USA},
    Author = {Dyer, M. E. and Frieze, A. M.},
    Issn = {0097-5397},
    Journal = {SIAM J. Comput.},
    Number = {5},
    Pages = {967--974},
    Publisher = {Society for Industrial and Applied Mathematics},
    Title = {On the complexity of computing the volume of a polyhedron},
    Volume = {17},
    Year = {1988}}

@inproceedings{dyer91computing,
    Author = {Dyer, M. E. and Frieze, A. M.},
    Booktitle = {Proceedings of the 44th Symposium in Applied Mathematics, American Mathematical Society},
    Date-Added = {2007-08-09 15:41:05 -0700},
    Date-Modified = {2007-08-24 01:17:36 -0700},
    Title = {Computing the Volume of Convex Bodies: {A} Case Where Randomness Provably Helps},
    Year = {1991}}

@book{DRStriangbook,
    Author = {De Loera, Jes{\'u}s A. and Rambau, J. and Santos, F.},
    Title = {Triangulations: Structures for Algorithms and Applications},
    Edition={1st},
    Series={Algorithms and Computation in Mathematics},
    Volume={25},
    Publisher={Springer},
    Year = {2010}}

@book{Stanley1996Combinatorics-a,
    Address = {Boston},
    Author = {Richard P. Stanley},
    Date-Added = {2007-08-08 20:02:48 -0700},
    Date-Modified = {2007-08-09 15:26:49 -0700},
    Edition = {2nd},
    Publisher = {Birkh\"auser},
    Title = {Combinatorics and Commutative Algebra: Second Edition},
    Year = {1996}}

@book{Hibi1992Algebraic-Combi,
    Address = {Glebe, Australia},
    Author = {T. Hibi},
    Date-Added = {2007-08-08 19:53:44 -0700},
    Date-Modified = {2007-08-08 19:55:02 -0700},
    Publisher = {Carslaw Publications},
    Title = {Algebraic Combinatorics on Convex Polytopes},
    Year = {1992}}

@article{Brion88,
    Author = {Michel Brion},
    Journal = {Ann. Sci. {\'E}cole Norm. Sup.},
    Number = 4,
    Pages = {653--663},
    Title = {Points entiers dans les poly{\`e}dres convexes},
    Volume = {21},
    Year = {1988}}

@Book{Berline-Getzler-Vergne-1992,
  author =   {Nicole Berline and Ezra Getzler and Mich{\`e}le Vergne},
  title =    {Heat kernels and {D}irac operators},
  publisher =    {Springer-Verlag},
  year =     1992,
  volume =   298,
  series =   {Grundlehren der Mathematischen Wissenschaften [Fundamental Principles
  of Mathematical Sciences]},
  address =      {Berlin}}


@Article{kannan-bachem:79,
  author =   {Ravi Kannan and Achim Bachem},
  title =    {Polynomial Algorithms for Computing the {S}mith and
                  {H}ermite Normal Forms of an Integer Matrix},
  journal =  {SIAM J. Comput.},
  year =     1979,
  volume =   8,
  number =   4,
  pages =    {499--507},
  month =    {November}
}

@article {kannanfrobenius,
    AUTHOR = {Kannan, Ravi},
     TITLE = {Lattice translates of a polytope and the {F}robenius problem},
   JOURNAL = {Combinatorica},
  FJOURNAL = {Combinatorica. An International Journal on Combinatorics and
              the Theory of Computing},
    VOLUME = {12},
      YEAR = {1992},
    NUMBER = {2},
     PAGES = {161--177},
      ISSN = {0209-9683},
     CODEN = {COMBDI},
   MRCLASS = {52B55 (52C07 90C60)},
  MRNUMBER = {1179254 (93k:52015)},
MRREVIEWER = {Gerard Sierksma},
       DOI = {10.1007/BF01204720},
       URL = {http://dx.doi.org/10.1007/BF01204720},
}




@Unpublished{lin-sturmfels-xu:marginal-likelihood,
  author =   {Shaowei Lin and Bernd Sturmfels and Zhiqiang Xu},
  title =    {Marginal Likelihood Integrals for Mixtures of Independence Models},
  note =     {e-print arXiv:0805.3602 [stat.CO]},
  year =     2008}

@Article{hastad-1999-maxclique,
  author = {Hastad, J.},
  year = {1999},
  title = {Clique is hard to approximate within $n^{1-\epsilon}$},
  journal={Acta Mathematica},
  volume=182,
pages={105--142}}

@Unpublished{brambillaottaviani,
  author =   {Maria Chiara Brambilla and Giorgio Ottaviani},
  title =    {On the {A}lexander--{H}irschowitz Theorem},
  note =     {e-print arXiv:math.AG/0701409v2},
  year = 2007}

@Misc{deloeraetal:integration-paper:accompanying-programs,
  author =   {Velleda Baldoni and Nicole Berline and  De
                  Loera, Jes{\'u}s A. and Matthias K{\"o}ppe and Mich{\`e}le Vergne},
  title =    {Maple programs accompanying the manuscript \emph{How
                  to integrate a polynomial over a simplex}},
  howpublished = {\url{http://www.math.ucdavis.edu/~mkoeppe/art/pisa-integration-experiments/}},
  year =     2008}




@Article{CUBPACK,
  author = 	 {R. Cools and A. Haegemans},
  title = 	 {Algorithm 824: {CUBPACK}: a package for automatic cubature; framework description.},
  journal = 	 {ACM Trans. Math. Software},
  year = 	 2003,
  volume = 	 29,
  number = 	 3,
  pages = 	 {287--296}}

@Article{genz-cools-2003:cubature-simplices,
  author = 	 {Alan Genz and Ronald Cools},
  title = 	 {An Adaptive Numerical Cubature Algorithm for Simplices},
  journal = 	 {ACM Trans. Math. Software},
  year = 	 2003,
  volume = 	 29,
  number = 	 3,
  pages = 	 {297--308}}

@Article{grundmann-moeller-1978:integration-simplex,
  author = 	 {A. Grundmann and H. M. M{\"o}ller},
  title = 	 {Invariant integration formulas for the $n$-simplex
                  by combinatorial methods},
  journal = 	 {SIAM J. Numer. Anal.},
  year = 	 1978,
  volume = 	 15,
  pages = 	 {282--290}}

=====================================================================================

For the "full Barvinok" paper:

=====================================================================================

@Techreport{andrewspaulereise,
author = {G. E. Andrews and P. Paule},
title = {{MacMahon}'s dream},
year = {2006},
month = {September},
note = {SFB-report 2006-26},
institution = {RISC Linz SFB 013},
length = {14},
url={http://www.risc.jku.at/publications/download/risc_2989/rep_06-26_paule.pdf}
}



@Article{Chenetalstats,
author={Y. Chen and I. Dinwoodie and A. Dobra and M. Huber},
title={Lattice Points, contingency tables, and sampling},
journal={Contemporary Mathematics},
volume=374,
year=2005,
pages={65--78}
}

@Book{barvinokzurichbook,
author={Barvinok, Alexander I.},
title={Integer Points in Polyhedra},
series={Z\"urich Lectures in Advanced Mathematics},
publisher={European Mathematical Society (EMS)},
address={Z\"urich, Switzerland},
year=2008
}


@Book{beckrobins,
author={M. Beck and S. Robins},
title= {Computing the continuous discretely: integer-point enumeration
in polyhedra},
publisher={Springer},
series={Undergraduate Texts in Mathematics},
year=2007
}



@Article{baldoni-berline-deloera-koeppe-vergne:integration,
  author = 	 {Velleda Baldoni and Nicole Berline and De Loera, Jes{\'u}s A. and
                  Matthias K{\"o}ppe and Mich{\`e}le Vergne},
  title = 	 {How to Integrate a Polynomial over a Simplex},
  journal =      {Mathematics of Computation},
  volume = 80,
  number = 273,
  pages = {297--325},
  doi = {10.1090/S0025-5718-2010-02378-6},
  year = 	 2011}

@Article{BBDKV08,
  author = 	 {Velleda Baldoni and Nicole Berline and De Loera, Jes{\'u}s A. and
                  Matthias K{\"o}ppe and Mich{\`e}le Vergne},
  title = 	 {How to Integrate a Polynomial over a Simplex},
  journal =      {Mathematics of Computation},
  volume = 80,
  number = 273,
  pages = {297--325},
  doi = {10.1090/S0025-5718-2010-02378-6},
  year = 	 2011}



@article{so-called-paper-2,
	Annote = {This is paper 2},
	Author = {Velleda Baldoni and Nicole Berline and Matthias K{\"o}ppe and Mich{\`e}le Vergne},
	Date-Modified = {2013-02-12 23:34:46 +0000},
	Doi = {10.1112/S0025579312000101},
	Issn = {2041-7942},
	Journal = {Mathematika},
	Month = {September},
	Number = 1,
	Numpages = 22,
	Pages = {1--22},
	Title = {Intermediate Sums on Polyhedra: Computation and Real {E}hrhart Theory},
	Volume = 59,
	Was-Eprint = {eprint arXiv:{\penalty0}1011.6002 [math.CO]},
	Year = 2013,
	Bdsk-Url-1 = {http://dx.doi.org/10.1112/S0025579312000101}}


@Unpublished{so-called-paper-3,
  author = 	 {Velleda Baldoni and Nicole Berline and Matthias K{\"o}ppe and Mich{\`e}le Vergne},
  title = 	 {Computation of {B}arvinok valuations of polyhedra},
  note = 	 {Manuscript, unpublished},
  year = 	 2011,
  annote = 	 {This is paper 3}
}

@Misc{SLII2014,
  author = {Velleda Baldoni and Nicole Berline and  De
                  Loera, Jes{\'u}s A. and Matthias K{\"o}ppe and Mich{\`e}le Vergne},
  title =   {Intermediate Sums on Polyhedra {II}: Bidegree and {P}oisson summation formula},
  howpublished = {eprint arXiv:{\penalty0}1404.0065 [math.CO]},
  year = {2014},
  }


@Misc{3-polynomials,
  author = 	 {Velleda Baldoni and Nicole Berline and De Loera,
                  Jes{\'u}s A. and Matthias K{\"o}ppe and Mich{\`e}le Vergne},
  title = 	 {Three {E}hrhart Quasi-Polynomials},
  howpublished =  {eprint arXiv:{\penalty0}1410.8632 [math.CO]},
  year = 	 2014,
}

@Unpublished{berline-koeppe-vergne:mipsum-ext-abstract, 
  author = 	 {Nicole Berline and Matthias K{\"o}ppe and Mich{\`e}le Vergne},
  title = {A discretization-free {FPTAS} for polynomial optimization over the mixed-integer points
    in a class of polytopes of varying dimension},
  note = 	 {Manuscript},
  year = 2013
  }

@Article{baldoni-berline-vergne:euler-maclaurin,
  author = 	 {Velleda Baldoni and Nicole Berline and Mich{\`e}le Vergne},
  title = 	 {Local {E}uler-{M}aclaurin expansion of
{B}arvinok valuations and {E}hrhart coefficients of rational polytopes},
  journal = 	 {Contemporary Mathematics},
  year = 	 2008,
  volume = 	 452,
  pages = 	 {15--33}}

@Article{Baldoni-Berline-Vergne-2008,
  author = 	 {Velleda Baldoni and Nicole Berline and Mich{\`e}le Vergne},
  title =    {Local {E}uler--{M}aclaurin expansion of
{B}arvinok valuations and {E}hrhart coefficients of rational polytopes},
 journal =  {Contemporary Mathematics},
   year =   2008,
  volume =  452,
  pages =  {15--33}
}

@InProceedings{baldoni-et-al:denumerant-fpsac,
  author = 	 {Velleda Baldoni and Nicole Berline and De Loera,
		  Jes{\'u}s A. and Brandon E. Dutra and
                  Matthias K{\"o}ppe and Mich{\`e}le Vergne},
  title = 	 {Top degree coefficients of the Denumerant},
  booktitle = {25th International Conference on Formal Power Series and Algebraic Combinatorics (FPSAC 2013)},
  year = 	 2013,
  series = 	 {DMTCS proc. AS},
  pages = 	 {1149--1160},
  organization = {Discrete Mathematics and Theoretical Computer Science (DMTCS)},
  annote = 	 {Note that in the journal metadata for this article,
                  De Loera is missing on the author list!  And also
                  the metadata title is different: "Top Coefficients
                  of the Denumerant"},
  issn = {1365--8050},
  url = {http://www.dmtcs.org/dmtcs-ojs/index.php/proceedings/article/view/dmAS0197/4324}
}

@article{baldoni-et-al:denumerant-full-paper,
  author = {Velleda Baldoni and Nicole Berline and  De
                  Loera, Jes{\'u}s A. and Brandon E. Dutra and Matthias K{\"o}ppe and Mich{\`e}le Vergne},
  title =   {Coefficients of {S}ylvester's Denumerant},
  was-eprint = {eprint arXiv:{\penalty0}1312.7147 [math.CO]},
  journal = {INTEGERS, Electronic Journal of Combinatorial
                  Number Theory},
  year = {2015},
  volume = {15},
  number = {A11},
  pages = {1--32},
  url = {http://www.integers-ejcnt.org/vol15.html}
}

@Article{barvinok-1994:ehrhart,
  author = 	 {Barvinok, Alexander I.},
  title = 	 {Computing the {E}hrhart polynomial of a convex lattice polytope},
  journal = 	 {Discrete Comput. Geom.},
  year = 	 1994,
  volume = 	 12,
  pages = 	 {35--48}}

@article{barvinok-2006-ehrhart-quasipolynomial,
	Author = {Barvinok, Alexander I.},
	Fjournal = {Mathematics of Computation},
	Journal = {Math. Comp.},
	Number = {255},
	Pages = {1449--1466},
	Title = {Computing the {E}hrhart quasi-polynomial of a rational simplex},
	Volume = {75},
	Year = {2006},
  equivalent-entries = {newbar,barvinok-2006-ehrhart-quasipolynomial}
}

@Unpublished{berline-brion-vergne:poisson,
  author = 	 {Nicole Berline and Michel Brion and Mich{\`e}le Vergne},
  title = 	 {A {P}oisson summation formula for piecewise polynomial functions},
  note = 	 {Manuscript, unpublished},
  year = 	 2010,
  equivalent-entries = {Berline-Brion-Vergne, berline-brion-vergne:poisson }}

@Unpublished{Berline-Brion-Vergne,
  author = 	 {Nicole Berline and Michel Brion and Mich{\`e}le Vergne},
  title = 	 {A {P}oisson summation formula for piecewise polynomial functions},
  note = 	 {Manuscript, unpublished},
  year = 	 2010,
  equivalent-entries = {Berline-Brion-Vergne, berline-brion-vergne:poisson }
}

@article {morelli,
    AUTHOR = {Morelli, Robert},
     TITLE = {Pick's theorem and the {T}odd class of a toric variety},
   JOURNAL = {Adv. Math.},
  FJOURNAL = {Advances in Mathematics},
    VOLUME = {100},
      YEAR = {1993},
    NUMBER = {2},
     PAGES = {183--231},
      ISSN = {0001-8708},
     CODEN = {ADMTA4},
   MRCLASS = {14M25 (14C40 52B20)},
  MRNUMBER = {1234309 (94j:14048)},
MRREVIEWER = {G. K. Sankaran},
       DOI = {10.1006/aima.1993.1033},
       URL = {http://dx.doi.org/10.1006/aima.1993.1033},
}



@Article{dyer-1991:counting,
  author = 	 {M. Dyer},
  title = 	 {On counting lattice points in polyhedra},
  journal = 	 {SIAM J. Comput.},
  year = 	 1991,
  volume = 	 20,
  number = 	 4,
  pages = 	 {695--707}}

@ARTICLE{DyerKannan97,
  author       = {M. Dyer and R. Kannan},
  title        = {On {B}arvinok's Algorithm for Counting Lattice
                  Points in Fixed Dimension},
  journal      = {Mathematics of Operations Research},
  year         = {1997},
  volume       = {22},
  pages        = {545--549},
}

@article{avis-fukuda-1996:reverse-search,
 author = {Avis, David and Fukuda, Komei},
 title = {Reverse search for enumeration},
 journal = {Discrete Appl. Math.},
 volume = 65,
 number = {1--3},
 year = 1996,
 issn = {0166-218X},
 pages = {21--46},
 doi = {http://dx.doi.org/10.1016/0166-218X(95)00026-N},
 publisher = {Elsevier Science Publishers B. V.},
 address = {Amsterdam, The Netherlands, The Netherlands},
 }

@article {bremner-fukuda-marzetta-1998:primal-dual,
   author = {Bremner, D. and Fukuda, K. and Marzetta, A.},
   affiliation = {Department of Mathematics, University of Washington, Seattle, WA 98195, USA bremner@math.washington.edu US},
   title = {Primal--Dual Methods for Vertex and Facet Enumeration},
   journal = {Discrete and Computational Geometry},
   publisher = {Springer New York},
   issn = {0179-5376},
   keyword = {Mathematics and Statistics},
   pages = {333-357},
   volume = 20,
   issue = 3,
   url = {http://dx.doi.org/10.1007/PL00009389},
   note = {DOI 10.1007/PL00009389},
   year = 1998
}

@article{linke:rational-ehrhart,
title = "Rational {E}hrhart quasi-polynomials",
journal = "Journal of Combinatorial Theory, Series A",
volume = 118,
number = 7,
pages = "1966--1978",
year = 2011,
issn = "0097-3165",
doi = "10.1016/j.jcta.2011.03.007",
url = "http://www.sciencedirect.com/science/article/pii/S0097316511000586",
author = "Eva Linke",
keywords = "Polytopes",
keywords = "Rational polytopes",
keywords = "Lattices",
keywords = "Ehrhart polynomials",
keywords = "Ehrhart quasi-polynomials"
}

@Unpublished{HenkLinke,
  author =   {Henk, Martin  and Linke, Eva},
  title =    {Lattice points in vector-dilated polytopes},
  note =     {e-print arXiv:1204.6142 [math.MG]},
  year = {2012}}

@Misc{topehrhart-accompanying-programs,
  author =   {Velleda Baldoni and Nicole Berline and  De
                  Loera, Jes{\'u}s A. and Matthias K{\"o}ppe and Mich{\`e}le Vergne},
  title =    {Maple programs accompanying the manuscript \emph{Computation of the highest coefficients of weighted  {E}hrhart quasi-polynomials of rational polyhedra}},
  howpublished = {\url{http://www.math.ucdavis.edu/~latte/topweightedehrhart-maple/}},
  year =     2010}

@Article{barvinok-1993:partition-functions,
  author = 	 {Barvinok, Alexander I.},
  title = 	 {Partition functions in optimization and computational problems},
  journal = 	 {St. Petersburg Math. J. 4},
  year = 	 1993,
  volume = 	 4,
  pages = 	 {1--49}}

@incollection {MR2809476,
    AUTHOR = {Paradan, Paul-Emile},
     TITLE = {Wall-crossing formulas in {H}amiltonian geometry},
 BOOKTITLE = {Geometric aspects of analysis and mechanics},
    SERIES = {Progr. Math.},
    VOLUME = {292},
     PAGES = {295--343},
 PUBLISHER = {Birkh\"auser/Springer, New York},
      YEAR = {2011},
   MRCLASS = {53D20 (53D50 58J20)},
  MRNUMBER = {2809476},
MRREVIEWER = {Samuel Evens},
       DOI = {10.1007/978-0-8176-8244-6_11},
       URL = {http://dx.doi.org/10.1007/978-0-8176-8244-6_11},
}

@incollection {BV-2011,
  AUTHOR = {Berline, Nicole and  Vergne, Mich{\`}le},
 TITLE = {Analytic continuation of a parametric polytope and wall-crossing},
BOOKTITLE = {Configuration Spaces: Geometry, Combinatorics and Topology },
PUBLISHER ={Publications of the Scuola Normale Superiore},
SERIES={CRM},
Year={ 2012 },
note ={arXiv: math 1104.1885},
}

@article{ Clauss1998parametric,
    author = "Clauss, Philippe and Loechner, Vincent",
    title = "Parametric analysis of polyhedral iteration spaces",
    journal = "Journal of {VLSI} Signal Processing",
    publisher = "Kluwer Academic Publishers, Boston",
    year = "1998",
    volume = 19,
    pages = "179--194",
    number = 2,
    month = jul,
}

@PHDTHESIS{Verdoolaege2005PhD,
  AUTHOR = "Verdoolaege, Sven",
  TITLE = {Incremental Loop Transformations and Enumeration of Parametric Sets},
  SCHOOL = {Department of Computer Science, K.U. Leuven},
  YEAR = {2005},
  ADDRESS = {Leuven, Belgium},
  MONTH = apr,
}

@article{Verdoolaege2007parametric,
    author = "Verdoolaege, Sven and R. Seghir and K. Beyls and V. Loechner and M. Bruynooghe",
    title = "Counting integer points in parametric polytopes using {Barvinok}'s rational functions",
    journal = "Algorithmica",
    year = 2007,
    volume = 48,
    number = 1,
    month = jun,
    publisher = "Springer New York",
    pages = "37--66",
}

@article{beck:multidimensional-reciprocity,
title = "Multidimensional {E}hrhart Reciprocity ",
journal = "Journal of Combinatorial Theory, Series A ",
volume = "97",
number = "1",
pages = "187--194",
year = "2002",
note = "",
issn = "0097-3165",
doi = "10.1006/jcta.2001.3220",
url = "http://www.sciencedirect.com/science/article/pii/S0097316501932200",
author = "Matthias Beck"
}

%%%%%%%%%%%%%%%%%%%%%%%%%%%%%%%%%%%%%%%%%%%%%%%%%%%%%%%%%%%%%%%%%%%%%%%%%%


@article{deloera:software-exact-integration-polynomials,
 author = {De Loera, Jesus A. and Dutra, Brandon and K\"{o}ppe, Matthias and Moreinis, Stanislav and Pinto, Gregory and Wu, Jianqiu},
 title = {Software for Exact Integration of Polynomials over Polyhedra},
 journal = {ACM Commun. Comput. Algebra},
 issue_date = {September/December 2011},
 volume = {45},
 number = {3/4},
 month = jan,
 year = {2012},
 issn = {1932-2240},
 pages = {169--172},
 numpages = {4},
 url = {http://doi.acm.org/10.1145/2110170.2110175},
 doi = {10.1145/2110170.2110175},
 acmid = {2110175},
 publisher = {ACM},
 address = {New York, NY, USA}
} 


@article{lasserre-volume1983,
year={1983},
issn={0022-3239},
journal={Journal of Optimization Theory and Applications},
volume={39},
number={3},
doi={10.1007/BF00934543},
title={An analytical expression and an algorithm for the volume of a convex polyhedron in $\mathbb{R}^n$},
url={http://dx.doi.org/10.1007/BF00934543},
publisher={Kluwer Academic Publishers-Plenum Publishers},
keywords={System of linear inequalities; redundant constraints},
author={Lasserre, Jean B.},
pages={363-377},
language={English}
}

@article{handelman1988,
author = "Handelman, David",
fjournal = "Pacific Journal of Mathematics",
journal = "Pacific J. Math.",
number = "1",
pages = "35--62",
publisher = "Pacific Journal of Mathematics, A Non-profit Corporation",
title = "Representing polynomials by positive linear functions on compact convex polyhedra.",
url = "http://projecteuclid.org/euclid.pjm/1102689794",
volume = "132",
year = "1988"
}

@article{Park2011MaxCut,
title = "Rank of Handelman hierarchy for Max-Cut ",
journal = "Operations Research Letters ",
volume = "39",
number = "5",
pages = "323 - 328",
year = "2011",
note = "",
issn = "0167-6377",
doi = "http://dx.doi.org/10.1016/j.orl.2011.07.006",
url = "http://www.sciencedirect.com/science/article/pii/S0167637711000836",
author = "Myoung-Ju Park and Sung-Pil Hong",
keywords = "Polynomial optimization",
keywords = "Rank of hierarchical relaxation",
keywords = "Handelman hierarchy",
keywords = "Max-Cut",
keywords = "\{RLT\} "
}


@article{Park2013Rank,
 author = {Park, Myoung-Ju and Hong, Sung-Pil},
 title = {Handelman Rank of Zero-diagonal Quadratic Programs over a Hypercube and Its Applications},
 journal = {J. of Global Optimization},
 issue_date = {June      2013},
 volume = {56},
 number = {2},
 month = jun,
 year = {2013},
 issn = {0925-5001},
 pages = {727--736},
 numpages = {10},
 url = {http://dx.doi.org/10.1007/s10898-012-9906-3},
 doi = {10.1007/s10898-012-9906-3},
 acmid = {2507729},
 publisher = {Kluwer Academic Publishers},
 address = {Hingham, MA, USA},
 keywords = {Handelman hierarchy, Polynomial optimization, The maximum cut problem, The stable set problem}
} 


@article{deKlerk2006210,
title = "A \{PTAS\} for the minimization of polynomials of fixed degree over the simplex ",
journal = "Theoretical Computer Science ",
volume = "361",
number = "2–3",
pages = "210 - 225",
year = "2006",
note = "Approximation and Online Algorithms ",
issn = "0304-3975",
doi = "http://dx.doi.org/10.1016/j.tcs.2006.05.011",
url = "http://www.sciencedirect.com/science/article/pii/S0304397506003252",
author = "Etienne de Klerk and Monique Laurent and Pablo A. Parrilo",
keywords = "Semidefinite programming",
keywords = "Global optimization",
keywords = "Positive polynomial",
keywords = "Sum of squares of polynomials",
keywords = "Approximation algorithm "
}

@article{klerk2010,
author = {Etienne de Klerk and Monique Laurent},
title = {Error Bounds for Some Semidefinite Programming Approaches to Polynomial Minimization on the Hypercube},
journal = {SIAM Journal on Optimization},
volume = {20},
number = {6},
pages = {3104-3120},
year = {2010},
doi = {10.1137/100790835},
URL = {http://dx.doi.org/10.1137/100790835},
eprint = {http://dx.doi.org/10.1137/100790835}
}


@article{monique2014,
year={2014},
issn={0925-5001},
journal={Journal of Global Optimization},
volume={60},
number={3},
doi={10.1007/s10898-013-0123-5},
title={Handelman’s hierarchy for the maximum stable set problem},
url={http://dx.doi.org/10.1007/s10898-013-0123-5},
publisher={Springer US},
keywords={Polynomial optimization; Combinatorial optimization; Handelman hierarchy; Linear programming relaxation; The maximum stable set problem},
author={Laurent, Monique and Sun, Zhao},
pages={393-423},
language={English}
}


@article{Krivine1964,
year={1964},
journal={Comptes Rendus de l'Acad\'emie des Sciences de Paris},
volume={258},
title={Quelques propri\'et\'es des pr\'eordres dans les anneaux commutatifs unitaires},
author={Krivine, J.L.},
pages={3417-3418 }
}


@article{Carlini20125,
title = "The solution to the {W}aring problem for monomials and the sum of coprime monomials ",
journal = "Journal of Algebra ",
volume = "370",
number = "0",
pages = "5 - 14",
year = "2012",
note = "",
issn = "0021-8693",
doi = "http://dx.doi.org/10.1016/j.jalgebra.2012.07.028",
url = "http://www.sciencedirect.com/science/article/pii/S0021869312003730",
author = "Enrico Carlini and Maria Virginia Catalisano and Anthony V. Geramita",
keywords = "Waring problem for homogeneous polynomial",
keywords = "Waring rank "
}
